@article{stonebraker2013voltdb,
  title={The VoltDB Main Memory DBMS},
  author={Stonebraker, Michael and Weisberg, Ariel},
  journal={Data Engineering},
  year={2013}
}


@inproceedings{do2013limplock,
  title			=	{	Limplock: Understanding the impact of limpware on scale-out cloud 							systems},
  author		=	{	Do, Thanh and Hao, Mingzhe and Leesatapornwongsa, Tanakorn and 					 		 	 Patana-anake, Tiratat and Gunawi, Haryadi S},
  booktitle	=	{SoCC},
  year				=	{ 2013}
}

@misc{server_delays,
	title			=	{The user and the business impact of server delays, additional bytes, and http chunking in web search},
	author		=	{Eric Schurman and Jake Brutlag},
	year		=	{2009},
	key ={B1}
}

@article{svm_1995,
year={1995},
journal={Machine Learning},
title={Support-vector networks},
keywords={pattern recognition; efficient learning algorithms; neural networks; radial basis function classifiers; polynomial classifiers},
author={Cortes, C. and Vapnik, V.},
}

@article{scikitlearn11,
 title={{Scikit-learn: Machine Learning in {P}ython }},
 author={Pedregosa, F. and Varoquaux, G. and Gramfort, A. and Michel, V.
         and Thirion, B. and Grisel, O. and Blondel, M. and Prettenhofer, P.
         and Weiss, R. and Dubourg, V. and Vanderplas, J. and Passos, A. and
         Cournapeau, D. and Brucher, M. and Perrot, M. and Duchesnay, E.},
 journal={JMLR},
 year={2011}
}

@article{stonebraker2010sql,
  title={SQL databases v. NoSQL databases},
  author={Stonebraker, Michael},
  journal={ACM Communications},
  year={2010}
}

@inproceedings{wang2012cake,
  title={Cake: enabling high-level SLOs on shared storage systems},
  author={Wang, Andrew and Venkataraman, Shivaram and Alspaugh, Sara and Katz, Randy and Stoica, Ion},
  booktitle={SoCC},
  year={2012}
}
@article{carbone2010dummynet,
  title={Dummynet revisited},
  author={Carbone, Marta and Rizzo, Luigi},
  journal={ACM SIGCOMM},
  year={2010}
}
@article{love2002comparing,
  title={Comparing supervised and unsupervised category learning},
  author={Love, Bradley C},
  journal={Psychonomic Bulletin \& Review},
  year={2002}
}
@inproceedings{ren2012lightweight,
  title={Lightweight locking for main memory database systems},
  author={Ren, Kun and Thomson, Alexander and Abadi, Daniel J},
  booktitle={VLDB},
  year={2012}
}

@article{lan2010toward,
  title={Toward automated anomaly identification in large-scale systems},
  author={Lan, Zhiling and Zheng, Ziming and Li, Yawei},
  journal={TPDS},
  year={2010}
}
@inproceedings{gujrati2007meta,
  title={A meta-learning failure predictor for blue gene/l systems},
  author={Gujrati, Prashasta and Li, Yawei and Lan, Zhiling and Thakur, Rajeev and White, John},
  booktitle={ICPP},
  year={2007}
}
@inproceedings{guan2013adaptive,
  title={Adaptive Anomaly Identification by Exploring Metric Subspace in Cloud Computing Infrastructures},
  author={Guan, Qiang and Fu, Song},
  booktitle={SRDS},
  year={2013}
}
@article{chandola2009anomaly,
  title={Anomaly detection: A survey},
  author={Chandola, Varun and Banerjee, Arindam and Kumar, Vipin},
  journal={ACM CSUR},
  year={2009}
}

@inproceedings{tan2012prepare,
  title={Prepare: Predictive performance anomaly prevention for virtualized cloud systems},
  author={Tan, Yongmin and Nguyen, Hiep and Shen, Zhiming and Gu, Xiaohui and Venkatramani, Chitra and Rajan, Deepak},
  booktitle={ICDCS},
  year={2012}
}

@inproceedings{guan2012cda,
  title={CDA: A Cloud Dependability Analysis Framework for Characterizing System Dependability in Cloud Computing Infrastructures},
  author={Guan, Qiang and Chiu, Chi-Chen and Fu, Song},
  booktitle={PRDC},
  year={2012}
}
@article{chen2007failure,
  title={Failure detection in large-scale internet services by principal subspace mapping},
  author={Chen, Haifeng and Jiang, Guofei and Yoshihira, Kenji},
  journal={TKDE},
  year={2007}
}
@inproceedings{eriksson2013riskroute,
  title={RiskRoute: a framework for mitigating network outage threats},
  author={Eriksson, Brian and Durairajan, Ramakrishnan and Barford, Paul},
  booktitle={CoNEXT},
  year={2013}
}
@inproceedings{petersen1996bayou,
  title={Bayou: replicated database services for world-wide applications},
  author={Petersen, Karin and Spreitzer, Mike and Terry, Douglas and Theimer, Marvin},
  booktitle={ACM SIGOPS},
  year={1996}
}

@inproceedings{bonvin2010self,
  title={A self-organized, fault-tolerant and scalable replication scheme for cloud storage},
  author={Bonvin, Nicolas and Papaioannou, Thanasis G and Aberer, Karl},
  booktitle={SoCC},
  year={2010}
}
@article{breiman2001random,
  title={Random forests},
  author={Breiman, Leo},
  journal={Machine learning},
  year={2001},
}
@article{friedman2006recent,
  title={Recent advances in predictive (machine) learning},
  author={Friedman, Jerome H},
  journal={Journal of classification},
  year={2006},
}
@book{leskovec2014mining,
  title={Mining of massive datasets},
  author={Leskovec, Jure and Rajaraman, Anand and Ullman, Jeffrey David},
  year={2014},
  publisher={Cambridge University Press}
}
@article{cetintemel2014s,
  title={S-Store: A Streaming NewSQL System for Big Velocity Applications},
  author={Cetintemel, Ugur and Du, Jiang and Kraska, Tim and Madden, Samuel and Maier, David and Meehan, John and Pavlo, Andrew and Stonebraker, Michael and Sutherland, Erik and Tatbul, Nesime and others},
  journal={VLDB},
  year={2014}
}

@inproceedings{silvestre2014anomaly,
  title={An anomaly detection approach for scale-out storage systems},
  author={Silvestre, Guthemberg and Sauvanaud, Carla and Ka{\^a}niche, Mohamed and Kanoun, Karama},
  booktitle={IEEE SBAC-PAD},
  year={2014},
}
@inproceedings{cooper2010benchmarking,
  title={Benchmarking cloud serving systems with YCSB},
  author={Cooper, Brian F and Silberstein, Adam and Tam, Erwin and Ramakrishnan, Raghu and Sears, Russell},
  booktitle={Proceedings of the 1st ACM symposium on Cloud computing},
  pages={143--154},
  year={2010},
  organization={ACM}
}

